@article{Reuman2024,
    author = {Reuman, Daniel C.},
    title = {Machine Learning in Biology},
    journal = {Biology Journal},
    year = {2024},
    volume = {15},
    pages = {100-110}
}
